@article{alexopoulos2009research,
  title={Research advances in geriatric depression},
  author={Alexopoulos, George S and Kelly Jr, Robert E},
  journal={World Psychiatry},
  volume={8},
  number={3},
  pages={140},
  year={2009},
  publisher={World Psychiatric Association}
}
@article{onishi2006comparison,
  title={A comparison of depressive mood of older adults in a community, nursing homes, and a geriatric hospital: factor analysis of Geriatric Depression Scale},
  author={Onishi, Joji and Suzuki, Yusuke and Umegaki, Hiroyuki and Endo, Hidetoshi and Kawamura, Takashi and Iguchi, Akihisa},
  journal={Journal of Geriatric Psychiatry and Neurology},
  volume={19},
  number={1},
  pages={26--31},
  year={2006},
  publisher={Sage Publications Sage CA: Thousand Oaks, CA}
}
@article{zhang2012prevalence,
  title={The prevalence of depressive symptoms among the older in China: a meta-analysis},
  author={Zhang, Ling and Xu, Yong and Nie, Hongwei and Zhang, Yaodong and Wu, Yan},
  journal={International journal of geriatric psychiatry},
  volume={27},
  number={9},
  pages={900--906},
  year={2012},
  publisher={Wiley Online Library}
}
@article{chen2019does,
  title={Does money relieve depression? Evidence from social pension expansions in China},
  author={Chen, Xi and Wang, Tianyu and Busch, Susan H},
  journal={Social Science \& Medicine},
  volume={220},
  pages={411--420},
  year={2019},
  publisher={Elsevier}
}
@article{trinh2011using,
  title={Using electronic medical records to determine the diagnosis of clinical depression},
  author={Trinh, Nhi-Ha T and Youn, Soo Jeong and Sousa, Jessica and Regan, Susan and Bedoya, C Andres and Chang, Trina E and Fava, Maurizio and Yeung, Albert},
  journal={International journal of medical informatics},
  volume={80},
  number={7},
  pages={533--540},
  year={2011},
  publisher={Elsevier}
}